@article{hetrick1971dynamics,
  title={Dynamics of Nuclear Reactors.},
  author={Hetrick, David L},
  year={1971}
}
